2278 3023
345 260 393 292 18

342 346 558 376 anterioribus
584 345 739 381 dilatatis,
766 345 878 376 mediis
904 345 1026 387 postice
1052 345 1239 385 Iatioi-ihm,
1263 346 1396 387 posticis
1423 345 1588 387 elongatis.
1612 346 1701 377 Tarsi
1724 346 1863 377 articulis
1889 346 1957 376 sere
1973 356 2099 387 aequa-

345 402 427 432 libus
453 402 618 443 chelisque
644 402 755 432 acutis.

498 457 693 498 Species,
720 455 897 486 Chiroclzela
925 456 1135 486 Assamensis.

498 512 625 542 Habitat
648 513 681 542 in
704 510 794 541 India
830 511 986 542 orientali.
1033 513 1136 552 Long.
1165 513 1202 542 10
1227 511 1360 547 lin-lat.,
1386 512 1404 544 6
1428 511 1482 542 lin.
1506 512 1606 551 fusca,
1630 512 1806 549 eeaudata3
1839 512 1974 543 thorace
1998 512 2101 542 amice

341 568 434 599 valde
458 568 654 608 emarginato
670 591 678 606 ‚
711 567 835 608 postico
860 567 1017 608 spinoso,
1049 566 1156 607 elytris
1191 566 1316 608 postiee
1351 567 1528 597 abdomine
1552 567 1782 603 brevioribus,
1817 568 1970 608 rugosis,
2005 567 2099 597 lineis

343 624 469 654 elevatis
496 623 636 664 obliquis
669 622 839 663 insignitis.
887 622 1015 663 Corpus
1039 622 1123 652 insra
1148 622 1334 662 flavescens,
1366 623 1507 664 pedibus
1540 623 1785 655 concoloribus.
1830 623 1943 654 Tibiae
1976 623 2102 653 anticae

342 678 435 709 valde
460 677 609 708 dilatatae
635 685 665 707 et
690 688 907 719 compressae,
933 676 1060 707 mediae
1086 677 1207 708 ciliatae
1231 686 1261 708 et
1287 677 1328 708 ad
1353 679 1479 720 apicem
1503 680 1841 719 aureo-spongiosae.«

498 735 579 764 Nota
613 733 758 774 anglicae
793 733 1039 774 descriptionis,
1075 744 1139 774 qua
1163 733 1312 775 Hoopius
1337 744 1441 775 genus
1464 733 1567 764 hocce
1592 734 1753 764 attentiori
1787 733 2033 764 recommendat
2055 744 2102 763 se-

343 789 454 831 quenti
478 788 567 819 audit
590 788 708 818 modo:

498 845 683 885 Proprietas
708 845 839 884 generis
866 852 991 875 constat
1015 846 1045 875 in
1070 844 1273 887 longitudine
1297 844 1393 875 nimia
1428 845 1589 875 femorum
1613 844 1803 876 anticorum.
1848 844 1958 875 Tibiae
1982 844 2104 875 amicae

343 908 373 930 et
397 900 471 930 tarsi
497 900 627 930 connati
654 899 785 931 hamum
811 901 961 932 formant.
1008 902 1189 942 Hemelytra
1213 900 1400 930 membrana
1425 907 1536 931 carent
1560 908 1591 930 et
1614 900 1682 931 alae
1706 899 1830 932 desunt.

978 996 1117 1031 Familia
1144 996 1185 1033 V.
1227 995 1467 1032 NEPOIDEA.

498 1071 697 1102 Aidothccae
724 1071 921 1113 appendices
947 1071 1035 1113 longi
1062 1079 1114 1102 aut
1137 1071 1261 1103 breves.
1293 1073 1513 1101 Antennarum
1533 1071 1667 1101 articulo
1685 1070 1830 1101 secundo
1851 1078 1881 1101 et
1904 1071 2000 1101 tertio
2019 1081 2102 1101 unco

342 1127 460 1158 laterali
492 1128 664 1168 producto.
711 1129 863 1157 Rostrum
893 1128 1006 1162 breve,
1043 1127 1305 1166 inarticulatum,
1341 1126 1508 1156 excisurae
1539 1126 1646 1168 clypei
1683 1127 1846 1158 insertum.
1892 1126 2031 1156 Labrum
2054 1137 2103 1156 su-

340 1183 494 1214 bulatum.

943 1262 1105 1291 Turma
1134 1260 1154 1290 1.
1193 1259 1503 1291 Belostomae.

498 1330 663 1358 Antennae
689 1328 1001 1369 quadrini-ticulatae.
1050 1328 1255 1370 Appendices
1287 1327 1523 1365 aid0i11ecae*]
1551 1327 1682 1367 breves,
1716 1327 2025 1358 lineari-lanceolati
2050 1334 2104 1357 aut

342 1383 534 1425 spathulati‚
560 1395 673 1425 parum
699 1384 834 1423 exserti,
860 1395 957 1425 saepe
982 1384 1105 1414 inclusi.
1148 1383 1252 1414 Pedes
1275 1384 1394 1425 postici
1419 1383 1591 1422 natatorii,
1621 1383 1711 1413 tarsis
1734 1383 1868 1425 posticis
1893 1390 1923 1412 et
1947 1383 2104 1413 interme-

344 1438 405 1469 diis
430 1439 640 1469 biarticulatis
671 1439 710 1469 ad
746 1439 837 1469 basin
874 1439 1120 1480 sici-igmate·³÷·*)
1154 1439 1340 1478 instructis,
1373 1439 1538 1480 unguibus
1572 1438 1710 1470 duabus.
1756 1438 1940 1469 Membrana
1974 1437 2025 1468 vix
2051 1437 2103 1468 di-

343 1500 454 1525 stincta
479 1495 545 1524 basi
570 1495 801 1533 subcoriacea,
827 1505 981 1534 nervosa,
1007 1495 1108 1526 limbo
1135 1495 1396 1526 membranaceo.
1441 1493 1626 1526 Embolium
1651 1494 1848 1526 distinctum.

809 1613 955 1654 Sectio
989 1614 1022 1656 Ι,
1068 1613 1197 1653 Tarsi
1231 1614 1361 1653 antici
1394 1614 1634 1653 monomeri.

842 1709 969 1741 Genus
995 1710 1072 1741 vn.
1103 1710 1368 1750 Diplonyehus.
1402 1709 1478 1739 Tab.
1505 1711 1539 1739 tt.
1563 1716 1601 1740 Α.

346 1774 421 1814 Lap.
452 1774 539 1804 Hem.
571 1784 601 1814 p.
638 1774 682 1804 18.
718 1774 827 1804 Burni.
856 1792 897 1797 —
931 1775 1017 1815 Nepa
1047 1773 1123 1805 Fab.
1153 1790 1196 1797 a*
1231 1773 1403 1804 Belostoma
1434 1775 1511 1816 Lep.
1549 1774 1638 1804 Serv.
1679 1772 1720 1803 ab
1755 1773 1878 1808 διπλόος
1925 1772 2042 1814 duplus
2077 1780 2107 1802 et

1105 1827 1175 1865 div}
1183 1854 1191 1868 ,
1216 1830 1340 1870 unguis.

501 1900 733 1945 Cljiaracter
768 1902 950 1943 generis.
998 1904 1140 1932 Rostrum
1172 1902 1249 1944 (Fig.
1275 1903 1305 1934 2.
1330 1903 1361 1934 3.
1396 1903 1436 1943 a.)
1461 1903 1564 1932 breve
1602 1901 1737 1932 articulo
1773 1902 1879 1943 primo
1917 1901 2103 1940 turbinato,

345 1956 438 1986 tertio
464 1957 574 1997 quoad
600 1957 834 1998 longitudinem
867 1958 971 1999 primo
996 1958 1122 1999 aequali
1178 1958 1389 1988 Anlcmzzerzmz
1414 1958 1490 1999 (Fig.
1514 1958 1544 1989 2.
1570 1970 1598 1989 α.
1624 1965 1656 1988 et
1679 1958 1743 1999 Fig.
1768 1957 1810 1998 5.)
1836 1957 1972 1987 articulo
1998 1957 2105 1998 primo

345 2011 538 2052 cylindrico‚
566 2013 658 2042 tertio
685 2012 827 2043 breviori
853 2013 1022 2047 secundo,
1059 2013 1194 2043 articulo
1226 2013 1373 2043 seeundo
1399 2021 1430 2043 et
1454 2013 1547 2043 tertio
1574 2024 1659 2043 unco
1684 2013 1809 2044 laterali
1834 2024 1958 2052 erasm,
1990 2013 2104 2043 subtus

344 2068 522 2106 instructo,
555 2076 670 2109 quarto
701 2076 844 2100 arcuato,
891 2068 1002 2098 Tibiae
1033 2069 1175 2110 posticae
1211 2069 1406 2110 triquetrae,
1442 2068 1593 2099 lateribus
1618 2070 1764 2106 sulcam,
1796 2069 1917 2109 angulis
1943 2068 2104 2099 truncatis.

344 2123 536 2165 Appendices
561 2122 749 2153 aidothecae
774 2135 887 2165 parum
913 2131 1068 2156 exsertae.

499 2179 760 2220 Descriptio.
812 2179 933 2221 Quoad
977 2179 1122 2210 habitum
1157 2190 1227 2210 cum
1260 2179 1520 2221 Spaerodemate
1567 2190 1690 2221 genere
1728 2181 1895 2222 sequenti,
1931 2180 2106 2215 convenit,

345 2233 402 2263 scd
428 2234 561 2264 articulo
597 2235 704 2276 primo
735 2235 832 2265 rostri
867 2235 1050 2274 turbinato,
1085 2235 1169 2266 tibiis
1198 2235 1333 2276 posticis
1357 2235 1525 2266 evidenter
1559 2235 1773 2277 distinguitur.
1820 2237 1936 2278 Corpus
1960 2236 2038 2277 (Fig.
2063 2235 2104 2276 7.)

386 2340 410 2371 ³)
429 2340 577 2365 Aidotlieca
597 2348 635 2366 est
653 2341 705 2365 lata
725 2348 751 2366 et
769 2341 955 2366 membranosa
974 2341 1064 2367 theca,
1094 2350 1160 2375 quae
1187 2350 1283 2374 organa
1309 2341 1422 2365 scxualia
1443 2341 1476 2365 ad
1501 2341 1573 2366 basin
1595 2341 1741 2366 circumdat
1760 2347 1786 2365 et
1804 2341 1927 2376 utrinque
1947 2341 1998 2366 fere
2018 2342 2105 2366 coria-

431 2397 503 2412 ceum
523 2388 773 2421 spathulaeformem
792 2395 836 2412 aut
855 2389 978 2413 linearem
999 2388 1039 2413 vel
1060 2397 1184 2412 corneum
1204 2388 1350 2412 filiformem
1371 2388 1546 2422 appendicem
1569 2390 1641 2421 gerit.
1676 2388 1766 2422 Quum
1783 2396 1871 2413 autem
1886 2389 2045 2422 appendices
2066 2388 2104 2412 illi

431 2436 595 2468 respirationi
621 2435 768 2460 nullatenus
796 2436 955 2463 inserviunt,
985 2445 1078 2459 nomen
1104 2436 1282 2459 But-meisterii
1311 2435 1362 2467 (sic
1387 2435 1486 2460 dictum
1507 2435 1735 2469 [Atlietnriiliran
1754 2435 1937 2470 rejiciendum.
1956 2436 2024 2468 (Fig,
2048 2436 2102 2466 13.)

434 2489 528 2514 organa
549 2482 676 2512 sexualia,
697 2492 720 2506 ιι.
740 2482 862 2515 genitalia
883 2483 1004 2509 masculi,
1024 2484 1046 2507 Ι).
1067 2482 1208 2507 aidotheca
1221 2501 1226 2511 ‚
1247 2492 1269 2506 c.
1289 2482 1449 2516 appendices
1470 2482 1631 2508 aidothccae.

381 2529 416 2556 ¹⁶)
432 2530 563 2562 Stet-ignia
582 2536 623 2554 cst
641 2529 751 2554 fulcrum
770 2537 797 2553 lu
817 2529 935 2554 inferiori
954 2536 1028 2562 parte
1050 2537 1179 2554 {cursorum
1201 2529 1314 2562 originis.
